@online{slipa,
    author    = "David J. Peterson",
    title     = "Sign Language IPA",
    url       = "http://dedalvs.conlang.org/slipa.html",
    keywords  = "slipa"
}
